@article{einstein,
  author =       "Albert Einstein",
  title =        "{Zur Elektrodynamik bewegter K{\"o}rper}. ({German})
                 [{On} the electrodynamics of moving bodies]",
  journal =      "Annalen der Physik",
  volume =       "322",
  number =       "10",
  pages =        "891--921",
  year =         "1905",
}

@book{latexcompanion,
    author    = "Michel Goossens and Frank Mittelbach and Alexander Samarin",
    title     = "The \LaTeX\ Companion",
    year      = "1993",
    publisher = "Addison-Wesley",
    address   = "Reading, Massachusetts"
}
 
@misc{knuthwebsite,
    author    = "Donald Knuth",
    title     = "Knuth: Computers and Typesetting",
    url       = "http://www-cs-faculty.stanford.edu/\~{}uno/abcde.html"
}

@article{dataRace,
    author = "J. Erikson et al.",
    title = "Effective Data-Race Detection for the Kernel",
    year = "2010",
    journal = "Microsoft Research",
}

@misc{timings,
    author = "J. Dean",
    title = "Latency Numbers Every Programmer Should Know",
    url = "https://gist.github.com/jboner/2841832",
}
    
@article{threadSanitizer,
    author = "K. Serebryany",
    title = "ThreadSanitizer â€“ data race detection in practice",
    year = "2009",
}

@misc{javaThreadSanitizer,
    title = "JEP: Java thread Sanitizer",
    url = "https://openjdk.java.net/jeps/8208520",
}

@misc{dataRaceVsCondition,
    author = "J. Regehr",
    title = "Race Condition vs. Data Race",
    url = "https://blog.regehr.org/archives/490",
    year = "2011",
}

@article{raceCondition,
    author = "S. Carr et al.",
    title = "Race Conditions: A Case Study",
    year = "2001",
}
 
@article{deadlock,
    author = "E. Coffman et al.",
    title = "System Deadlocks",
    year = "1971",
}

@article{sequential,
    author = "L. Lamport",
    title = "How to Make a Correct Multiprocess Program
Execute Correctly on a Multiprocessor",
    year = "1979",
}

@article{linearizable,
    author = "M. Herlihy",
    title = "Linearizability: a correctness condition for concurrent objects",
    year = "1990",
}

@article{quiscent,
    author = "N. Shavit",
    title = "Counting networks",
    journal = "Journal of the ACM 41(5)",
    year = "1994",
}

@article{causal,
    author = "M. Ahamad et al.",
    title = "Causal memory:
Definitions, implementation and programming",
    journal = "Technical Report GIT-CC-93/55",
    year = "1994",
}

@article{quasi,
    author = "A. Yehuda et al.",
    title = "Relaxed consistency for improved concurrency",
    journal = "Principles of distributed systems. Lecture notes in Computer Science",
    year = "2010",
}

@article{seqVerification,
    author = "E. Condon",
    title = "Automatable verification of sequential consistency",
    journal = "Theory of Computing Systems, 36(5)",
    year = "2003"
}

@article{linVerification,
    author = "V. Vafeiadis",
    title = "Automatically proving linearizability",
    journal = "Computer Aided Verification. Lecture Notes in Computer Science",
    year = "2010"
}

@article{lineup,
    author = "S. Burckhardt",
    title = "Line-up: a complete and automatic linearizability checker",
    journal = "Proceedings of the 31st International Conference on International Conference on Parallel Computing",
    year = "2010",
}

@article{complexity,
    author = "P. Gibbons et al.",
    title = "The complexity of sequential consistency",
    journal = "Proceeding of the Fourth IEEE Symposium on Parallel and Distributed Processing",
    year = "1992"
}

@article{checkAlgorithms,
    author = "G. Lowe",
    title = "Testing for Linearizability",
    journal = "Concurrency and Computation. Practice and experience",
    year = "2016"
}

